<?xml version="1.0" encoding="UTF-8"?><collection xmlns="http://www.loc.gov/MARC21/slim"><record><leader>00488nam--2200169-u-4500</leader><controlfield tag="001">000051014</controlfield><controlfield tag="002">20161230</controlfield><controlfield tag="005">20161230201049</controlfield><controlfield tag="008">080508s1000------------r-----000-0-eng-d</controlfield><datafield ind1=" " ind2=" " tag="040"><subfield code="a">IFIN-HH</subfield></datafield><datafield ind1="1" ind2=" " tag="100"><subfield code="a">Onicescu, Octav</subfield></datafield><datafield ind1="1" ind2=" " tag="245"><subfield code="a">Principles de logique et de philosophie mathematique</subfield></datafield><datafield ind1=" " ind2=" " tag="260"><subfield code="a">Bucharest</subfield><subfield code="b">Editions de l'Academie de la Republique Socialiste de Roumanie</subfield><subfield code="c">1971</subfield></datafield><datafield ind1=" " ind2=" " tag="300"><subfield code="a">229 p</subfield></datafield><datafield ind1="1" ind2=" " tag="700"><subfield code="a">Octav Onicescu</subfield></datafield><datafield ind1=" " ind2=" " tag="852"><subfield code="a">35022</subfield><subfield code="c">512</subfield></datafield><datafield ind1=" " ind2=" " tag="CAT"><subfield code="a">Sys</subfield><subfield code="c">20080508</subfield><subfield code="h">150309</subfield></datafield></record></collection>